<record><leader>00000cas a22000007a 4500</leader><controlfield tag="001">2260550</controlfield><controlfield tag="008">760620d18851956pauwr ne      0    0eng d</controlfield><controlfield tag="009">54</controlfield><datafield ind1=" " ind2=" " tag="010"><subfield code="a">sn 85054865 </subfield></datafield><datafield ind1=" " ind2=" " tag="040"><subfield code="a">PIT</subfield><subfield code="b">eng</subfield><subfield code="c">PIT</subfield><subfield code="d">NPH</subfield><subfield code="d">DLC</subfield><subfield code="d">NPH</subfield></datafield><datafield ind1="1" ind2=" " tag="029"><subfield code="a">AU@</subfield><subfield code="b">000025801859</subfield></datafield><datafield ind1=" " ind2=" " tag="042"><subfield code="a">msc</subfield></datafield><datafield ind1="0" ind2="0" tag="245"><subfield code="a">East Brady review.</subfield></datafield><datafield ind1="0" ind2="0" tag="246"><subfield code="a">Review</subfield></datafield><datafield ind1=" " ind2=" " tag="260"><subfield code="a">East Brady, Pa :</subfield><subfield code="b">Hastings &amp; Graham,</subfield><subfield code="c">1885-</subfield></datafield><datafield ind1=" " ind2=" " tag="300"><subfield code="a">v.</subfield></datafield><datafield ind1=" " ind2=" " tag="310"><subfield code="a">Weekly</subfield></datafield><datafield ind1="0" ind2=" " tag="362"><subfield code="a">Vol. 1, no. 1 (Nov. 27, 1885)-</subfield></datafield><datafield ind1="1" ind2=" " tag="362"><subfield code="a">Ceased with Mar. 1, 1956 issue.</subfield></datafield><datafield ind1=" " ind2=" " tag="515"><subfield code="a">Issues for &lt;June 14, 1887&gt; also called &lt;whole no. 57&gt;.</subfield></datafield><datafield ind1=" " ind2=" " tag="752"><subfield code="a">United States</subfield><subfield code="b">Pennsylvania</subfield><subfield code="c">Clarion</subfield><subfield code="d">East Brady.</subfield></datafield><datafield ind1="0" ind2="4" tag="785"><subfield code="t">Record (Rimersburg, Pa.)</subfield><subfield code="w">(DLC)sn 87080565</subfield></datafield></record>